<?xml version="1.0" encoding="UTF-8"?><collection xmlns="http://www.loc.gov/MARC21/slim"><record><leader>00620nam--2200193-i-4500</leader><controlfield tag="001">000017158</controlfield><controlfield tag="002">20161230</controlfield><controlfield tag="005">20161230201032</controlfield><controlfield tag="008">060222s1000------------r-----000-0-rum-d</controlfield><datafield ind1=" " ind2=" " tag="040"><subfield code="a">IFIN-HH</subfield></datafield><datafield ind1=" " ind2=" " tag="041"><subfield code="a">rum</subfield></datafield><datafield ind1=" " ind2=" " tag="080"><subfield code="a">539.173(043)</subfield></datafield><datafield ind1="1" ind2=" " tag="100"><subfield code="a">Mirea, Mihail-dolores</subfield></datafield><datafield ind1="1" ind2="0" tag="245"><subfield code="a">Dezvoltarea midelelor microscopice-macroscopic e in vederea aplicarii la procese de fisiune cu asimetrie de masa foarte mare</subfield><subfield code="b">Teza</subfield><subfield code="c">Mihail-dolores mirea</subfield></datafield><datafield ind1=" " ind2=" " tag="260"><subfield code="a">Bucuresti</subfield><subfield code="b">Ifa</subfield><subfield code="c">1994</subfield></datafield><datafield ind1=" " ind2=" " tag="300"><subfield code="a">91 P</subfield></datafield><datafield ind1=" " ind2=" " tag="502"><subfield code="a">Conducator Stiintific: Prof.Dr. Dorin N. Poenaru</subfield></datafield><datafield ind1=" " ind2=" " tag="852"><subfield code="a">80121</subfield><subfield code="c">539.17</subfield></datafield><datafield ind1=" " ind2=" " tag="CAT"><subfield code="a">Sys</subfield><subfield code="c">20120628</subfield><subfield code="h">143327</subfield></datafield></record></collection>